@INPROCEEDINGS{QCtrl, 
author={Govindarajan, K. and Kong Chee Meng and Hong Ong and Wong Ming Tat and Sivanand, S. and Low Swee Leong}, 
booktitle={Information and Communication Technology (ICoICT), 2014 2nd International Conference on}, 
title={Realizing the Quality of Service (QoS) in Software-Defined Networking (SDN) based Cloud infrastructure}, 
year={2014}, 
pages={505-510}, 
keywords={cloud computing;computer networks;overlay networks;quality of service;video streaming;virtual machines;virtualisation;Mininet;OVS;OpenFlow;Q-Ctrl system;QoS constraints;QoS controller;SDN controller;cloud infrastructure;network infrastructure virtualization;open vSwitch;physical network infrastructure;protocol;quality of service;software-defined networking;video streaming application;virtual machines;virtual overlay network;Bandwidth;Control systems;Ports (Computers);Quality of service;Servers;Streaming media;Virtual machining;Cloud Infrastructure;OpenFlow;Quality of Service;Software-Defined Networking;Virtualization}, 
doi={10.1109/ICoICT.2014.6914113}, 
month={May},}

@INPROCEEDINGS{multipath, 
author={Chemeritskiy, E. and Smelansky, R.}, 
booktitle={Science and Technology Conference (Modern Networking Technologies) (MoNeTeC), 2014 International}, 
title={On QoS management in SDN by multipath routing}, 
year={2014}, 
pages={1-6}, 
keywords={quality of service;routing protocols;software defined networking;QoS management methods;SDN;multipath routing protocol;quality of service management;Bandwidth;Delays;Quality of service;Resource management;Routing;Switches;Multipath Routing;Network Management;Quality of Service;Software-Defined Networks}, 
doi={10.1109/MoNeTeC.2014.6995581}, 
month={Oct},}

@inproceedings{scheduler,
 author = {Ishimori, Airton and Farias, Fernando and Cerqueira, Eduardo and Abel{\'e}m, Ant\^{o}nio},
 title = {Control of Multiple Packet Schedulers for Improving QoS on OpenFlow/SDN Networking},
 booktitle = {Proceedings of the 2013 Second European Workshop on Software Defined Networks},
 series = {EWSDN '13},
 year = {2013},
 isbn = {978-1-4799-2433-2},
 pages = {81--86},
 numpages = {6},
 url = {http://dx.doi.org/10.1109/EWSDN.2013.20},
 doi = {10.1109/EWSDN.2013.20},
 acmid = {2570478},
 publisher = {IEEE Computer Society},
 address = {Washington, DC, USA},
 keywords = {QoSFlow, Packet Schedulers, QoS, OpenFlow},
} 

@inproceedings{monsamp,
  title={MonSamp: A distributed SDN application for QoS monitoring},
  author={Raumer, Daniel and Schwaighofer, Lukas and Carle, Georg},
  booktitle={Computer Science and Information Systems (FedCSIS), 2014 Federated Conference on},
  pages={961--968},
  year={2014},
  organization={IEEE}
}

@INPROCEEDINGS{openqos, 
author={Egilmez, H.E. and Dane, S.T. and Bagci, K.T. and Tekalp, A.M.}, 
booktitle={Signal Information Processing Association Annual Summit and Conference (APSIPA ASC), 2012 Asia-Pacific}, 
title={OpenQoS: An OpenFlow controller design for multimedia delivery with end-to-end Quality of Service over Software-Defined Networks}, 
year={2012}, 
pages={1-8}, 
keywords={hypermedia;media streaming;quality of service;telecommunication network routing;telecommunication traffic;transport protocols;HTTP-based multibitrate adaptive streaming;OpenFlow controller design;OpenQoS;QoS routing;data forwarding layer;end-to-end quality of service support;multimedia delivery;multimedia traffic;seamless video delivery;software-defined network;Computer architecture;Delay;Internet;Multimedia communication;Quality of service;Routing;Streaming media}, 
month={Dec},}

@ARTICLE{video, 
author={Egilmez, H.E. and Civanlar, S. and Tekalp, A.M.}, 
journal={Multimedia, IEEE Transactions on}, 
title={An Optimization Framework for QoS-Enabled Adaptive Video Streaming Over OpenFlow Networks}, 
year={2013}, 
volume={15}, 
number={3}, 
pages={710-715}, 
keywords={adaptive codes;optimisation;quality of service;routing protocols;telecommunication congestion control;video coding;video streaming;OpenFlow network;QoS-enabled adaptive video streaming;base layer;coding configuration;constrained shortest path problem;decoupling control;dynamic QoS routing;enhancement layers;forward layer routing;forwarding decision optimization;forwarding layer;hardware design;network congestion control;programmable network protocol;quality of service;scalable encoded video;traffic management;Approximation algorithms;Approximation methods;Internet;Optimization;Quality of service;Routing;Streaming media;Dynamic quality of service;OpenFlow networks;optimization of routing;scalable video;video streaming}, 
doi={10.1109/TMM.2012.2232645}, 
ISSN={1520-9210}, 
month={April},}

@MastersThesis{thesis,
author = {Francesco Ongaro},
title = {Enhancing Quality Of Service In Software Defined Networks},
school = {University Of Bologna},
year = {2014},
}

@misc{lemon,
author = {COIN-OR},
title = {LEMON Graph Library},
howpublished = {https://lemon.cs.elte.hu/trac/lemon},
}

@inproceedings{convergence,
 author = {Kim, Wonho and Sharma, Puneet and Lee, Jeongkeun and Banerjee, Sujata and Tourrilhes, Jean and Lee, Sung-Ju and Yalagandula, Praveen},
 title = {Automated and Scalable QoS Control for Network Convergence},
 booktitle = {Proceedings of the 2010 Internet Network Management Conference on Research on Enterprise Networking},
 series = {INM/WREN'10},
 year = {2010},
 location = {San Jose, CA},
 pages = {1--1},
 numpages = {1},
 url = {http://dl.acm.org/citation.cfm?id=1863133.1863134},
 acmid = {1863134},
 publisher = {USENIX Association},
 address = {Berkeley, CA, USA},
} 

@article{bigswitch,
  title={An SDN approach: quality of service using big switchâ€™s floodlight open-source controller},
  author={Wallner, Ryan and Cannistra, Robert},
  journal={Proceedings of the Asia-Pacific Advanced Network},
  volume={35},
  pages={14--19},
  year={2013}
}

@inproceedings{dataplane,
 author = {Mekky, Hesham and Hao, Fang and Mukherjee, Sarit and Zhang, Zhi-Li and Lakshman, T.V.},
 title = {Application-aware Data Plane Processing in SDN},
 booktitle = {Proceedings of the Third Workshop on Hot Topics in Software Defined Networking},
 series = {HotSDN '14},
 year = {2014},
 isbn = {978-1-4503-2989-7},
 location = {Chicago, Illinois, USA},
 pages = {13--18},
 numpages = {6},
 url = {http://doi.acm.org/10.1145/2620728.2620735},
 doi = {10.1145/2620728.2620735},
 acmid = {2620735},
 publisher = {ACM},
 address = {New York, NY, USA},
 keywords = {data plane, open vswitch, openflow, software-defined networking},
} 